% ------------------------------------------------------------------------
% SAMPLE BIBLIOGRAPHY FILE
% ------------------------------------------------------------------------
@misc{li2019weno,
      title={WENO interpolation-based and upwind-biased schemes with free-stream preservation}, 
      author={Qin Li and Dong Sun},
      year={2019},
      eprint={1810.11103},
      archivePrefix={arXiv},
      primaryClass={physics.comp-ph}
}
@misc{TsarBomba,
  author = {{Nuclear Weapon Archive}},
  title = {Tsar Bomba},
  year = {2023},
  url = {https://nuclearweaponarchive.org/Russia/TsarBomba.html},
  note = {Accessed: 2023-05-18}
}
@misc{iter_website,
	author       = {{ITER Organization}},
	title        = {ITER - the way to new energy},
	howpublished = {\url{https://www.iter.org}},
	year         = 2024,
	note         = {Accessed: 2024-07-29}
}

% ------------------------------------------------------------------------
@book{toro2013riemann,
  title={Riemann solvers and numerical methods for fluid dynamics: a practical introduction},
  author={Toro, Eleuterio F},
  year={2013},
  publisher={Springer Science \& Business Media}
}
@book{greiner2012classical,
	title={Classical electrodynamics},
	author={Greiner, Walter},
	year={2012},
	publisher={Springer Science \& Business Media}
}
@book{kittel2018introduction,
	title={Introduction to solid state physics},
	author={Kittel, Charles and McEuen, Paul},
	year={2018},
	publisher={John Wiley \& Sons}
}
@book{moynihan2023fusion,
  title={Fusion's Promise: How Technological Breakthroughs in Nuclear Fusion Can Conquer Climate Change on Earth (And Carry Humans To Mars, Too)},
  author={Moynihan, Matthew and Bortz, Alfred B},
  year={2023},
  publisher={Springer}
}
@book{freidberg2014ideal,
  title={ideal MHD},
  author={Freidberg, Jeffrey P},
  year={2014},
  publisher={Cambridge University Press}
}
@inbook{LeVeque1998,
  author = {R. J. LeVeque},
  title = {Nonlinear conservation laws and finite volume methods},
  booktitle = {Computational methods for astrophysical fluid flow},
  pages = {1--159},
  publisher = {Springer},
  year = {1998}
}
@book{wesson2011tokamaks,
	title={Tokamaks},
	author={Wesson, John and Campbell, David J},
	volume={149},
	year={2011},
	publisher={Oxford university press}
}


% ------------------------------------------------------------------------

@article{van1979towards,
  title={Towards the ultimate conservative difference scheme. V. A second-order sequel to Godunov's method},
  author={van Leer, Bram},
  journal={Journal of Computational Physics},
  volume={32},
  number={1},
  pages={101--136},
  year={1979},
  publisher={Elsevier}
}
@article{hirsch2016dynamics,
	title={On the dynamics of the Meissner effect},
	author={Hirsch, JE},
	journal={Physica Scripta},
	volume={91},
	number={3},
	pages={035801},
	year={2016},
	publisher={IOP Publishing}
}
@article{essen2012meissner,
	title={Meissner effect, diamagnetism, and classical physics—a review},
	author={Ess{\'e}n, Hanno and Fiolhais, Miguel CN},
	journal={American Journal of Physics},
	volume={80},
	number={2},
	pages={164--169},
	year={2012},
	publisher={American Association of Physics Teachers}
}
@article{dedner2002hyperbolic,
  title={Hyperbolic divergence cleaning for the MHD equations},
  author={Dedner, Andreas and Kemm, Friedrich and Kr{\"o}ner, Dietmar and Munz, Claus-Dieter and Schnitzer, Thomas and Wesenberg, Matthias},
  journal={Journal of Computational Physics},
  volume={175},
  number={2},
  pages={645--673},
  year={2002},
  publisher={Elsevier}
}
@article{wan2005progress,
	title={Progress of the EAST project in China},
	author={Wan, YX and Wu, ST and Weng, PD and Li, JG and Gao, DM},
	year={2005}
}
@article{strauss2014velocity,
	title={Velocity boundary conditions at a tokamak resistive wall},
	author={Strauss, HR},
	journal={Physics of Plasmas},
	volume={21},
	number={3},
	year={2014},
	publisher={AIP Publishing}
}
@article{orszag1979small,
  title={Small-scale structure of two-dimensional magnetohydrodynamic turbulence},
  author={Orszag, Steven A and Tang, Chung-Ming},
  journal={Journal of Fluid Mechanics},
  volume={90},
  number={1},
  pages={129--143},
  year={1979},
  publisher={Cambridge University Press}
}
@article{brio1988upwind,
  title={An upwind differencing scheme for the equations of ideal magnetohydrodynamics},
  author={Brio, Moysey and Wu, Cheng Chin},
  journal={Journal of computational physics},
  volume={75},
  number={2},
  pages={400--422},
  year={1988},
  publisher={Elsevier}
}
@article{ongena2016magnetic,
  title={Magnetic-confinement fusion},
  author={Ongena, Jozef and Koch, R and Wolf, R and Zohm, H},
  journal={Nature Physics},
  volume={12},
  number={5},
  pages={398--410},
  year={2016},
  publisher={Nature Publishing Group UK London}
}
@article{kirkpatrick1997magnetized,
  title={Magnetized target fusion: An overview of the concept},
  author={Kirkpatrick, Ronald C and Lindemuth, Irvin R},
  journal={Current trends in international fusion research},
  pages={319--332},
  year={1997},
  publisher={Springer}
}
@article{zanisi2024efficient,
  title={Efficient training sets for surrogate models of tokamak turbulence with Active Deep Ensembles},
  author={Zanisi, L and Ho, A and Barr, J and Madula, T and Citrin, J and Pamela, S and Buchanan, J and Casson, FJ and Gopakumar, V and Contributors, JET},
  journal={Nuclear Fusion},
  volume={64},
  number={3},
  pages={036022},
  year={2024},
  publisher={IOP Publishing}
}
@article{ding2024high,
  title={A high-density and high-confinement tokamak plasma regime for fusion energy},
  author={Ding, S and Garofalo, AM and Wang, HQ and Weisberg, DB and Li, ZY and Jian, X and Eldon, D and Victor, BS and Marinoni, A and Hu, QM and others},
  journal={Nature},
  pages={1--6},
  year={2024},
  publisher={Nature Publishing Group UK London}
}
@article{de2011survey,
  title={Survey of disruption causes at JET},
  author={De Vries, PC and Johnson, MF and Alper, B and Buratti, P and Hender, TC and Koslowski, HR and Riccardo, V and JET-EFDA Contributors and others},
  journal={Nuclear fusion},
  volume={51},
  number={5},
  pages={053018},
  year={2011},
  publisher={IOP Publishing}
}
@article{federici2016overview,
  title={Overview of the design approach and prioritization of R\&D activities towards an EU DEMO},
  author={Federici, G and Bachmann, C and Biel, Wolfgang and Boccaccini, L and Cismondi, F and Ciattaglia, S and Coleman, M and Day, C and Diegele, E and Franke, T and others},
  journal={Fusion Engineering and Design},
  volume={109},
  pages={1464--1474},
  year={2016},
  publisher={Elsevier}
}
@article{dellar2022hyperbolic,
  title={Hyperbolic divergence cleaning in lattice Boltzmann magnetohydrodynamics},
  author={Dellar, P},
  journal={Communications in Computational Physics},
  year={2022},
  publisher={Cambridge University Press}
}
@article{wilson1990beryllium,
	title={Beryllium—a better tokamak plasma-facing material?},
	author={Wilson, KL and Causey, RA and Hsu, WL and Mills, BE and Smith, MF and Whitley, JB},
	journal={Journal of Vacuum Science \& Technology A: Vacuum, Surfaces, and Films},
	volume={8},
	number={3},
	pages={1750--1759},
	year={1990},
	publisher={American Vacuum Society}
}
@article{todd1979dependence,
	title={Dependence of ideal-MHD kink and ballooning modes on plasma shape and profiles in tokamaks},
	author={Todd, AMM and Manickam, J and Okabayashi, M and Chance, MS and Grimm, RC and Greene, JM and Johnson, JL},
	journal={Nuclear Fusion},
	volume={19},
	number={6},
	pages={743},
	year={1979},
	publisher={IOP Publishing}
}
@article{pustovitov2017computation,
	title={On the computation of the disruption forces in tokamaks},
	author={Pustovitov, VD and Rubinacci, G and Villone, F},
	journal={Nuclear Fusion},
	volume={57},
	number={12},
	pages={126038},
	year={2017},
	publisher={IOP Publishing}
}
@article{federici2001plasma,
	title={Plasma-material interactions in current tokamaks and their implications for next step fusion reactors},
	author={Federici, Gianfranco and Skinner, Charles H and Brooks, Jeffrey N and Coad, Joseph Paul and Grisolia, Christian and Haasz, Anthony A and Hassanein, Ahmed and Philipps, Volker and Pitcher, C Spencer and Roth, Joachim and others},
	journal={Nuclear Fusion},
	volume={41},
	number={12},
	pages={1967},
	year={2001},
	publisher={IOP Publishing}
}
@article{doshi2011iter,
	title={ITER Cryostat—An overview and design progress},
	author={Doshi, Bharat and Zhou, Caipin and Ioki, Kimihiro and Xie, Han and Gupta, G and Bhardwaj, Anil and Terasawa, A and others},
	journal={Fusion Engineering and Design},
	volume={86},
	number={9-11},
	pages={1924--1927},
	year={2011},
	publisher={Elsevier}
}
@article{philipps2011tungsten,
	title={Tungsten as material for plasma-facing components in fusion devices},
	author={Philipps, V},
	journal={Journal of nuclear materials},
	volume={415},
	number={1},
	pages={S2--S9},
	year={2011},
	publisher={Elsevier}
}
@article{sawan2006physics,
	title={Physics and technology conditions for attaining tritium self-sufficiency for the DT fuel cycle},
	author={Sawan, ME and Abdou, MA},
	journal={Fusion Engineering and Design},
	volume={81},
	number={8-14},
	pages={1131--1144},
	year={2006},
	publisher={Elsevier}
}
@article{pong2012worldwide,
	title={Worldwide Benchmarking of ITER Internal Tin Nb3Sn and NbTi Strands Test Facilities},
	author={Pong, I and Jewell, MC and Bordini, B and Oberli, L-R and Liu, S and Long, F and Boutboul, T and Readman, P and Park, S-H and Park, P-Y and others},
	journal={IEEE transactions on applied superconductivity},
	volume={22},
	number={3},
	pages={4802606--4802606},
	year={2012},
	publisher={IEEE}
}
@article{abdou2015blanket,
	title={Blanket/first wall challenges and required R\&D on the pathway to DEMO},
	author={Abdou, Mohamed and Morley, Neil B and Smolentsev, Sergey and Ying, Alice and Malang, Siegfried and Rowcliffe, Arthur and Ulrickson, Mike},
	journal={Fusion Engineering and Design},
	volume={100},
	pages={2--43},
	year={2015},
	publisher={Elsevier}
}
@article{stasyszyn2013divergence,
  title={A divergence-cleaning scheme for cosmological SPMHD simulations},
  author={Stasyszyn, FA and Dolag, K and Beck, AM},
  journal={Monthly Notices of the Royal Astronomical Society},
  volume={428},
  number={1},
  pages={13--27},
  year={2013},
  publisher={Oxford University Press}
}
@article{tricco2016constrained,
  title={Constrained hyperbolic divergence cleaning in smoothed particle magnetohydrodynamics with variable cleaning speeds},
  author={Tricco, Terrence S and Price, Daniel J and Bate, Matthew R},
  journal={Journal of Computational Physics},
  volume={322},
  pages={326--344},
  year={2016},
  publisher={Elsevier}
}
@article{neilsen2006relativistic,
  title={Relativistic MHD and excision: formulation and initial tests},
  author={Neilsen, David and Hirschmann, Eric W and Millward, R Steven},
  journal={Classical and Quantum Gravity},
  volume={23},
  number={16},
  pages={S505},
  year={2006},
  publisher={IOP Publishing}
}
@article{cheong2022extension,
  title={An extension of Gmunu: general-relativistic resistive magnetohydrodynamics based on staggered-meshed constrained transport with elliptic cleaning},
  author={Cheong, Patrick Chi-Kit and Pong, David Yat Tung and Yip, Anson Ka Long and Li, Tjonnie Guang Feng},
  journal={The Astrophysical Journal Supplement Series},
  volume={261},
  number={2},
  pages={22},
  year={2022},
  publisher={IOP Publishing}
}
@article{londrillo2004divergence,
  title={On the divergence-free condition in Godunov-type schemes for ideal magnetohydrodynamics: the upwind constrained transport method},
  author={Londrillo, Pasquale and Del Zanna, Luca},
  journal={Journal of Computational Physics},
  volume={195},
  number={1},
  pages={17--48},
  year={2004},
  publisher={Elsevier}
}
@article{sambasivan2009ghost,
  title={Ghost fluid method for strong shock interactions part 2: immersed solid boundaries},
  author={Sambasivan, Shiv Kumar and UdayKumar, HS},
  journal={AIAA journal},
  volume={47},
  number={12},
  pages={2923--2937},
  year={2009}
}
@article{andrew2000level,
  title={LEVEL SET METHODS AND FAST MARCHING METHODS: EVOLVING INTERFACES IN COMPUTATIONAL GEOMETRY, FLUID MECHANICS, COMPUTER VISION, AND MATERIALS SCIENCE, by JA Sethian, Cambridge University Press, Cambridge, UK, 2nd edn. 1999 (first published 1996 as Level Set Methods) xviii+ 420 pp., ISBN (paperback) 0-521-64557-3,(hardback) 0-521-64204-3 (Pbk,{\pounds} 18.95)},
  author={Andrew, Alex M},
  journal={Robotica},
  volume={18},
  number={1},
  pages={89--92},
  year={2000},
  publisher={Cambridge university press}
}
@article{arendt2004dirichlet,
  title={Dirichlet and Neumann boundary conditions: What is in between?},
  author={Arendt, Wolfgang and Warma, Mahamadi},
  journal={Nonlinear Evolution Equations and Related Topics: Dedicated to Philippe B{\'e}nilan},
  pages={119--135},
  year={2004},
  publisher={Springer}
}
@article{hender1989effects,
	title={Effects of a resistive wall on magnetohydrodynamic instabilities},
	author={Hender, TC and Gimblett, CG and Robinson, DC},
	journal={Nuclear fusion},
	volume={29},
	number={8},
	pages={1279},
	year={1989},
	publisher={IOP Publishing}
}
@article{yanagisawa1991fixed,
  title={The fixed boundary value problems for the equations of ideal magneto-hydrodynamics with a perfectly conducting wall condition},
  author={Yanagisawa, Taku and Matsumura, Akitaka},
  journal={Communications in mathematical physics},
  volume={136},
  pages={119--140},
  year={1991},
  publisher={Springer}
}
@mastersthesis{chrysanthou2020,
	author       = {Maria Chrysanthou},
	title        = {Integrated Resistive Wall Simulations},
	school       = {University of Cambridge},
	year         = {2020},
	type         = {Master's thesis}
}
@article{pu2024unified,
	title={Unified Gas-Kinetic Wave-Particle Method for Multiscale Flow Simulation of Partially Ionized Plasma},
	author={Pu, Zhigang and Xu, Kun},
	journal={arXiv preprint arXiv:2407.07929},
	year={2024}
}
@article{ghatak2007kink,
	title={Kink instability of a highly deformable elastic cylinder},
	author={Ghatak, Animangsu and Das, Apurba Lal},
	journal={Physical review letters},
	volume={99},
	number={7},
	pages={076101},
	year={2007},
	publisher={APS}
}
@phdthesis{becerra2016resistive,
	title={Resistive wall and error field studies using the extended MHD code NIMROD},
	author={Becerra, Andrea L},
	year={2016},
	school={University of Wisconsin--Madison}
}
@article{ferraro2016multi,
	title={Multi-region approach to free-boundary three-dimensional tokamak equilibria and resistive wall instabilities},
	author={Ferraro, NM and Jardin, SC and Lao, LL and Shephard, MS and Zhang, F},
	journal={Physics of Plasmas},
	volume={23},
	number={5},
	year={2016},
	publisher={AIP Publishing}
}
@article{ju2023incompressible,
  title={Incompressible limit of ideal magnetohydrodynamic equations with a perfectly conducting wall condition},
  author={Ju, Qiangchang and Wang, Jiawei},
  journal={SIAM Journal on Mathematical Analysis},
  volume={55},
  number={6},
  pages={7549--7574},
  year={2023},
  publisher={SIAM}
}
@article{clauser2021iter,
  title={ITER cold VDEs in the limit of perfectly conducting walls},
  author={Clauser, CF and Jardin, SC},
  journal={Physics of Plasmas},
  volume={28},
  number={1},
  year={2021},
  publisher={AIP Publishing}
}
@article{takeda1991computation,
  title={Computation of MHD equilibrium of tokamak plasma},
  author={Takeda, Tatsuoki and Tokuda, Shinji},
  journal={Journal of computational physics},
  volume={93},
  number={1},
  pages={1--107},
  year={1991},
  publisher={Elsevier}
}
@article{bondeson2003physics,
  title={Physics and stabilization of resistive wall modes in tokamaks},
  author={Bondeson, Anders and Liu, YQ and Gregoratto, Demetrio and Fransson, Carl-Magnus and Gribov, Y},
  journal={Plasma physics and controlled fusion},
  volume={45},
  number={12A},
  pages={A253},
  year={2003},
  publisher={IOP Publishing}
}
@article{yolbarsop2022analytic,
  title={Analytic theory of ideal-MHD vertical displacements in tokamak plasmas},
  author={Yolbarsop, A and Porcelli, F and Liu, Wandong and Fitzpatrick, R},
  journal={Plasma Physics and Controlled Fusion},
  volume={64},
  number={10},
  pages={105002},
  year={2022},
  publisher={IOP Publishing}
}
@article{thohura2013numerical,
	title={Numerical approach for solving stiff differential equations: A comparative study},
	author={Thohura, Sharaban and Rahman, Azad},
	journal={J Sci Front Res Math Decision Sci},
	volume={13},
	pages={7--18},
	year={2013}
}
@article{chu1996evolutionary,
	title={Evolutionary structural optimization for problems with stiffness constraints},
	author={Chu, D Nha and Xie, YM and Hira, A and Steven, GP},
	journal={Finite elements in analysis and design},
	volume={21},
	number={4},
	pages={239--251},
	year={1996},
	publisher={Elsevier}
}
@article{thohura2010comparison,
	title={Comparison of numerical methods for solving initial value problems for stiff differential equations},
	author={Thohura, Sharaban and Rahman, Azad},
	journal={Journal of Bangladesh Mathematical Society},
	volume={30},
	pages={122--132},
	year={2010}
}
@article{jannelli2006adaptive,
	title={Adaptive stiff solvers at low accuracy and complexity},
	author={Jannelli, Alessandra and Fazio, Riccardo},
	journal={Journal of Computational and Applied Mathematics},
	volume={191},
	number={2},
	pages={246--258},
	year={2006},
	publisher={Elsevier}
}
@article{offermans2020adaptive,
	title={Adaptive mesh refinement for steady flows in Nek5000},
	author={Offermans, Nicolas and Peplinski, Adam and Marin, Oana and Schlatter, Philipp},
	journal={Computers \& Fluids},
	volume={197},
	pages={104352},
	year={2020},
	publisher={Elsevier}
}
@article{kershaw1981differencing,
	title={Differencing of the diffusion equation in Lagrangian hydrodynamic codes},
	author={Kershaw, David S},
	journal={Journal of Computational Physics},
	volume={39},
	number={2},
	pages={375--395},
	year={1981},
	publisher={Elsevier}
}
@article{liu2012efficient,
	title={An efficient backward Euler time-integration method for nonlinear dynamic analysis of structures},
	author={Liu, Tianyun and Zhao, Chongbin and Li, Qingbin and Zhang, Lihong},
	journal={Computers \& structures},
	volume={106},
	pages={20--28},
	year={2012},
	publisher={Elsevier}
}
@article{jorgenson1unconditional,
	title={Unconditional stability of a crank-nicolson adamsbashforth 2 implicit-explicit numerical method},
	author={Jorgenson, Andrew},
	journal={A (A-C)},
	volume={1},
	number={2},
	pages={1},
	year={2014}
}
@article{leveque1990study,
	title={A study of numerical methods for hyperbolic conservation laws with stiff source terms},
	author={LeVeque, Randall J and Yee, Helen C},
	journal={Journal of computational physics},
	volume={86},
	number={1},
	pages={187--210},
	year={1990},
	publisher={Elsevier}
}
@article{bondeson1994stabilization,
  title={Stabilization of external modes in tokamaks by resistive walls and plasma rotation},
  author={Bondeson, A and Ward, DJ},
  journal={Physical Review Letters},
  volume={72},
  number={17},
  pages={2709},
  year={1994},
  publisher={APS}
}
@article{wright2020resistive,
	title={A resistive extension for ideal magnetohydrodynamics},
	author={Wright, Alex James and Hawke, Ian},
	journal={Monthly Notices of the Royal Astronomical Society},
	volume={491},
	number={4},
	pages={5510--5523},
	year={2020},
	publisher={Oxford University Press}
}
@article{spijker1996stiffness,
	title={Stiffness in numerical initial-value problems},
	author={Spijker, Marc Nico},
	journal={Journal of Computational and Applied Mathematics},
	volume={72},
	number={2},
	pages={393--406},
	year={1996},
	publisher={Elsevier}
}
@article{haney1989variational,
  title={Variational methods for studying tokamak stability in the presence of a resistive wall},
  author={Haney, Scott W and Freidberg, Jeffrey P},
  year={1989},
  publisher={MIT Plasma Science and Fusion Center}
}
@article{harten1983upstream,
  title={On upstream differencing and Godunov-type schemes for hyperbolic conservation laws},
  author={Harten, Amiram and Lax, Peter D and Leer, Bram van},
  journal={SIAM review},
  volume={25},
  number={1},
  pages={35--61},
  year={1983},
  publisher={SIAM}
}
@article{alamri2022very,
	title={Very High-Order A-stable Stiffly Accurate Diagonally Implicit Runge-Kutta Methods},
	author={Alamri, Yousef and Ketcheson, David I},
	year={2022},
	publisher={arXiv}
}
@article{franco1997two,
	title={Two three-parallel and three-processor SDIRK methods for stiff initial-value problems},
	author={Franco, JM and Gomez, I},
	journal={Journal of computational and applied mathematics},
	volume={87},
	number={1},
	pages={119--134},
	year={1997},
	publisher={Elsevier}
}
@article{curtiss1952integration,
	title={Integration of stiff equations},
	author={Curtiss, Charles Francis and Hirschfelder, Joseph O},
	journal={Proceedings of the national academy of sciences},
	volume={38},
	number={3},
	pages={235--243},
	year={1952},
	publisher={National Acad Sciences}
}
@article{caliari2009implementation,
	title={Implementation of exponential Rosenbrock-type integrators},
	author={Caliari, Marco and Ostermann, Alexander},
	journal={Applied Numerical Mathematics},
	volume={59},
	number={3-4},
	pages={568--581},
	year={2009},
	publisher={Elsevier}
}
@article{hochbruck1998exponential,
	title={Exponential integrators for large systems of differential equations},
	author={Hochbruck, Marlis and Lubich, Christian and Selhofer, Hubert},
	journal={SIAM Journal on Scientific Computing},
	volume={19},
	number={5},
	pages={1552--1574},
	year={1998},
	publisher={SIAM}
}
@article{bai2003convergence,
	title={On the convergence of additive and multiplicative splitting iterations for systems of linear equations},
	author={Bai, Zhong-Zhi},
	journal={Journal of computational and applied mathematics},
	volume={154},
	number={1},
	pages={195--214},
	year={2003},
	publisher={Elsevier}
}
@article{shampine1982implementation,
	title={Implementation of Rosenbrock methods},
	author={Shampine, Lawrence F},
	journal={ACM Transactions on Mathematical Software (TOMS)},
	volume={8},
	number={2},
	pages={93--113},
	year={1982},
	publisher={ACM New York, NY, USA}
}
@article{dumbser2019divergence,
	title={A divergence-free semi-implicit finite volume scheme for ideal, viscous, and resistive magnetohydrodynamics},
	author={Dumbser, Michael and Balsara, Dinshaw S and Tavelli, Maurizio and Fambri, Francesco},
	journal={International Journal for Numerical Methods in Fluids},
	volume={89},
	number={1-2},
	pages={16--42},
	year={2019},
	publisher={Wiley Online Library}
}
@article{lee2003incomplete,
	title={Incomplete LU preconditioning for large scale dense complex linear systems from electromagnetic wave scattering problems},
	author={Lee, Jeonghwa and Zhang, Jun and Lu, Cai-Cheng},
	journal={Journal of Computational Physics},
	volume={185},
	number={1},
	pages={158--175},
	year={2003},
	publisher={Elsevier}
}
@article{cances2013domain,
	title={Domain decomposition for implicit solvation models},
	author={Cances, Eric and Maday, Yvon and Stamm, Benjamin},
	journal={The Journal of chemical physics},
	volume={139},
	number={5},
	year={2013},
	publisher={AIP Publishing}
}
@article{rodrigues2007implicit,
	title={Implicit domain decomposition methods for coupled analysis of offshore platforms},
	author={Rodrigues, Marcos Vin{\'\i}cius and Correa, Fabr{\'\i}cio Nogueira and Jacob, Breno Pinheiro},
	journal={Communications in Numerical Methods in Engineering},
	volume={23},
	number={6},
	pages={599--621},
	year={2007},
	publisher={Wiley Online Library}
}
@article{chikurov2021numerical,
	title={Numerical Solution of Stiff Systems of Ordinary Differential Equations by Conversion to the Shannon Form},
	author={Chikurov, NG},
	journal={Mathematical Models and Computer Simulations},
	volume={13},
	number={5},
	pages={763--773},
	year={2021},
	publisher={Springer}
}
@article{toro1994restoration,
  title={Restoration of the contact surface in the HLL-Riemann solver},
  author={Toro, Eleuterio F and Spruce, Michael and Speares, William},
  journal={Shock waves},
  volume={4},
  pages={25--34},
  year={1994},
  publisher={Springer}
}
@article{li2005hllc,
  title={An HLLC Riemann solver for magneto-hydrodynamics},
  author={Li, Shengtai},
  journal={Journal of computational physics},
  volume={203},
  number={1},
  pages={344--357},
  year={2005},
  publisher={Elsevier}
}
@article{xu1997high,
  title={High resolution numerical simulation of ideal and non-ideal compressible reacting flows with embedded internal boundaries},
  author={Xu, Shaojie and Aslam, Tariq and Stewart, D Scott},
  year={1997},
  publisher={Taylor \& Francis}
}
@article{hernandez2018explicit,
  title={An explicit algorithm for imbedding solid boundaries in Cartesian grids for the reactive Euler equations},
  author={Hern{\'a}ndez, Alberto M and Stewart, D Scott and Lieberthal, Brandon},
  journal={Combustion Theory and Modelling},
  volume={22},
  number={4},
  pages={714--743},
  year={2018},
  publisher={Taylor \& Francis}
}
@article{sivier1992vorticity,
  title={Vorticity produced by shock wave diffraction},
  author={Sivier, S and Loth, E and Baum, J and L{\"o}hner, R},
  journal={Shock Waves},
  volume={2},
  pages={31--41},
  year={1992},
  publisher={Springer}
}
@article{schardin1966stossrohre,
  title={Stossrohre [Shock Tubes]},
  author={Schardin, H},
  journal={Springer Verlag},
  pages={716--720},
  year={1966}
}


@article{Glaz1985,
  author = {H. M. Glaz and P. Colella and I. I. Glass and R. L. Deschambault},
  title = {A numerical study of oblique shock-wave reflections with experimental comparisons},
  journal = {Proceedings of the Royal Society of London. A. Mathematical and Physical Sciences},
  volume = {398},
  number = {1814},
  pages = {117--140},
  year = {1985}
}
@article{bryson1961diffraction,
  title={Diffraction of strong shocks by cones, cylinders, and spheres},
  author={Bryson, AE and Gross, RWF},
  journal={Journal of Fluid Mechanics},
  volume={10},
  number={1},
  pages={1--16},
  year={1961},
  publisher={Cambridge University Press}
}
@article{toro2019hllc,
  title={The hllc riemann solver},
  author={Toro, Eleuterio F},
  journal={Shock waves},
  volume={29},
  number={8},
  pages={1065--1082},
  year={2019},
  publisher={Springer}
}
@article{janhunen2000positive,
  title={A positive conservative method for magnetohydrodynamics based on HLL and Roe methods},
  author={Janhunen, Pekka},
  journal={Journal of Computational Physics},
  volume={160},
  number={2},
  pages={649--661},
  year={2000},
  publisher={Elsevier}
}
@inproceedings{miki2007large,
  title={Large eddy simulation of a supersonic plasma flow over a backward facing step},
  author={Miki, Kenji and Schulz, Joey and Menon, Suresh},
  booktitle={Fifth International Symposium on Turbulence and Shear Flow Phenomena},
  year={2007},
  organization={Begel House Inc.}
}
@article{twarog2011test,
  title={Test of the European transport solver in the frame of integrated tokamak modelling},
  author={Twar{\'o}g, Dariusz and Stankiewicz, Roman and Drozdowicz, Krzysztof},
  year={2011},
  publisher={Institute of Nuclear Physics Polish Academy of Sciences}
}
@article{gong2024overview,
  title={Overview of recent experimental results on the EAST tokamak},
  author={Gong, Xianzu},
  journal={Nuclear Fusion},
  year={2024}
}
@misc{CAS2021,
    author = {{Chinese Academy of Sciences}},
    title = {Controlled Fusion: the bridge to future},
    year = {2021},
    howpublished = {\url{https://www.cas.cn/zt/kjzt/sswcj/mt/202111/t20211126_4815985.shtml}},
    note = {Accessed: 2024-05-31}
}
@article{li2021experimental,
  title={The experimental advanced superconducting tokamak},
  author={Li, Jiangang and Wan, Yuanxi},
  journal={Engineering},
  volume={7},
  number={11},
  pages={1523--1528},
  year={2021},
  publisher={Elsevier}
}
@article{shumlak2020z,
  title={Z-pinch fusion},
  author={Shumlak, Uri},
  journal={Journal of Applied Physics},
  volume={127},
  number={20},
  year={2020},
  publisher={AIP Publishing}
}
@article{post1987magnetic,
  title={The magnetic mirror approach to fusion},
  author={Post, RF},
  journal={Nuclear Fusion},
  volume={27},
  number={10},
  pages={1579},
  year={1987},
  publisher={IOP Publishing}
}
@article{mahadevia2014bicuspid,
  title={Bicuspid aortic cusp fusion morphology alters aortic three-dimensional outflow patterns, wall shear stress, and expression of aortopathy},
  author={Mahadevia, Riti and Barker, Alex J and Schnell, Susanne and Entezari, Pegah and Kansal, Preeti and Fedak, Paul WM and Malaisrie, S Chris and McCarthy, Patrick and Collins, Jeremy and Carr, James and others},
  journal={Circulation},
  volume={129},
  number={6},
  pages={673--682},
  year={2014},
  publisher={Am Heart Assoc}
}
@article{haines1977plasma,
  title={Plasma containment in cusp-shaped magnetic fields},
  author={Haines, MG},
  journal={Nuclear Fusion},
  volume={17},
  number={4},
  pages={811},
  year={1977},
  publisher={IOP Publishing}
}
@article{cerniauskaite2011systematic,
  title={Systematic literature review on ICF from 2001 to 2009: its use, implementation and operationalisation},
  author={Cerniauskaite, Milda and Quintas, RUI and Boldt, Christine and Raggi, Alberto and Cieza, Alarcos and Bickenbach, Jerome Edmond and Leonardi, Matilde},
  journal={Disability and rehabilitation},
  volume={33},
  number={4},
  pages={281--309},
  year={2011},
  publisher={Taylor \& Francis}
}
@phdthesis{kumar2021analysis,
  title={Analysis of turbulent transport in the central part of high-confinement tokamak plasmas},
  author={Kumar, Neeraj},
  year={2021},
  school={Aix-Marseille}
}

% ------------------------------------------------------------------------

@inproceedings{vides2013divergence,
  title={Divergence-free MHD simulations with the HERACLES code},
  author={Vides, Jeaniffer and Audit, Edouard and Guillard, Herv{\'e} and Nkonga, Boniface},
  booktitle={ESAIM: Proceedings},
  volume={43},
  pages={180--194},
  year={2013},
  organization={EDP Sciences}
}
@inproceedings{Hillier1995,
  author = {R. Hillier},
  title = {Numerical modelling of shock wave diffraction},
  booktitle = {Shock Waves @ Marseille IV: Shock Structure and Kinematics, Blast Waves and Detonations},
  pages = {17--26},
  publisher = {Springer},
  year = {1995}
}

% ------------------------------------------------------------------------
